%YAML 1.1
%TAG !u! tag:unity3d.com,2011:
--- !u!1 &2243750123604297342
GameObject:
  m_ObjectHideFlags: 0
  m_CorrespondingSourceObject: {fileID: 0}
  m_PrefabInstance: {fileID: 0}
  m_PrefabAsset: {fileID: 0}
  serializedVersion: 6
  m_Component:
  - component: {fileID: 2243750123604297346}
  - component: {fileID: 2243750123604297341}
  - component: {fileID: 2243750123604297343}
  - component: {fileID: 3946277915903580631}
  m_Layer: 0
  m_Name: Main Camera
  m_TagString: MainCamera
  m_Icon: {fileID: 0}
  m_NavMeshLayer: 0
  m_StaticEditorFlags: 0
  m_IsActive: 1
--- !u!4 &2243750123604297346
Transform:
  m_ObjectHideFlags: 0
  m_CorrespondingSourceObject: {fileID: 0}
  m_PrefabInstance: {fileID: 0}
  m_PrefabAsset: {fileID: 0}
  m_GameObject: {fileID: 2243750123604297342}
  m_LocalRotation: {x: 0, y: 0, z: 0, w: 1}
  m_LocalPosition: {x: 0, y: 0, z: -10}
  m_LocalScale: {x: 1, y: 1, z: 1}
  m_Children:
  - {fileID: 7471022194833515624}
  m_Father: {fileID: 0}
  m_RootOrder: 0
  m_LocalEulerAnglesHint: {x: 0, y: 0, z: 0}
--- !u!20 &2243750123604297341
Camera:
  m_ObjectHideFlags: 0
  m_CorrespondingSourceObject: {fileID: 0}
  m_PrefabInstance: {fileID: 0}
  m_PrefabAsset: {fileID: 0}
  m_GameObject: {fileID: 2243750123604297342}
  m_Enabled: 1
  serializedVersion: 2
  m_ClearFlags: 2
  m_BackGroundColor: {r: 0.19215687, g: 0.3019608, b: 0.4745098, a: 0}
  m_projectionMatrixMode: 1
  m_GateFitMode: 2
  m_FOVAxisMode: 0
  m_SensorSize: {x: 36, y: 24}
  m_LensShift: {x: 0, y: 0}
  m_FocalLength: 50
  m_NormalizedViewPortRect:
    serializedVersion: 2
    x: 0
    y: 0
    width: 1
    height: 1
  near clip plane: 0.3
  far clip plane: 1000
  field of view: 60
  orthographic: 1
  orthographic size: 5.4
  m_Depth: -1
  m_CullingMask:
    serializedVersion: 2
    m_Bits: 4294967295
  m_RenderingPath: -1
  m_TargetTexture: {fileID: 0}
  m_TargetDisplay: 0
  m_TargetEye: 0
  m_HDR: 1
  m_AllowMSAA: 0
  m_AllowDynamicResolution: 0
  m_ForceIntoRT: 0
  m_OcclusionCulling: 0
  m_StereoConvergence: 10
  m_StereoSeparation: 0.022
--- !u!81 &2243750123604297343
AudioListener:
  m_ObjectHideFlags: 0
  m_CorrespondingSourceObject: {fileID: 0}
  m_PrefabInstance: {fileID: 0}
  m_PrefabAsset: {fileID: 0}
  m_GameObject: {fileID: 2243750123604297342}
  m_Enabled: 1
--- !u!114 &3946277915903580631
MonoBehaviour:
  m_ObjectHideFlags: 0
  m_CorrespondingSourceObject: {fileID: 0}
  m_PrefabInstance: {fileID: 0}
  m_PrefabAsset: {fileID: 0}
  m_GameObject: {fileID: 2243750123604297342}
  m_Enabled: 1
  m_EditorHideFlags: 0
  m_Script: {fileID: 11500000, guid: 3cd98017066be0e4aa78ca5cf2826f6e, type: 3}
  m_Name: 
  m_EditorClassIdentifier: 
  MatrixEffect: {fileID: 0}
--- !u!1001 &1151722110
PrefabInstance:
  m_ObjectHideFlags: 0
  serializedVersion: 2
  m_Modification:
    m_TransformParent: {fileID: 2243750123604297346}
    m_Modifications:
    - target: {fileID: 3050695138174785735, guid: e618dd55ad2d74c4e9e410f21585e6b9,
        type: 3}
      propertyPath: _partsCount.x
      value: 16
      objectReference: {fileID: 0}
    - target: {fileID: 3050695138174785735, guid: e618dd55ad2d74c4e9e410f21585e6b9,
        type: 3}
      propertyPath: _partsCount.y
      value: 9
      objectReference: {fileID: 0}
    - target: {fileID: 3050695138174785735, guid: e618dd55ad2d74c4e9e410f21585e6b9,
        type: 3}
      propertyPath: _duration
      value: 0.1
      objectReference: {fileID: 0}
    - target: {fileID: 3050695138174785735, guid: e618dd55ad2d74c4e9e410f21585e6b9,
        type: 3}
      propertyPath: _delay
      value: 0.05
      objectReference: {fileID: 0}
    - target: {fileID: 7471022193837180437, guid: e618dd55ad2d74c4e9e410f21585e6b9,
        type: 3}
      propertyPath: m_Name
      value: Canvas
      objectReference: {fileID: 0}
    - target: {fileID: 7471022193837180438, guid: e618dd55ad2d74c4e9e410f21585e6b9,
        type: 3}
      propertyPath: m_LocalPosition.x
      value: 0
      objectReference: {fileID: 0}
    - target: {fileID: 7471022193837180438, guid: e618dd55ad2d74c4e9e410f21585e6b9,
        type: 3}
      propertyPath: m_LocalPosition.y
      value: 0
      objectReference: {fileID: 0}
    - target: {fileID: 7471022193837180438, guid: e618dd55ad2d74c4e9e410f21585e6b9,
        type: 3}
      propertyPath: m_LocalPosition.z
      value: 0
      objectReference: {fileID: 0}
    - target: {fileID: 7471022193837180438, guid: e618dd55ad2d74c4e9e410f21585e6b9,
        type: 3}
      propertyPath: m_LocalRotation.x
      value: 0
      objectReference: {fileID: 0}
    - target: {fileID: 7471022193837180438, guid: e618dd55ad2d74c4e9e410f21585e6b9,
        type: 3}
      propertyPath: m_LocalRotation.y
      value: 0
      objectReference: {fileID: 0}
    - target: {fileID: 7471022193837180438, guid: e618dd55ad2d74c4e9e410f21585e6b9,
        type: 3}
      propertyPath: m_LocalRotation.z
      value: 0
      objectReference: {fileID: 0}
    - target: {fileID: 7471022193837180438, guid: e618dd55ad2d74c4e9e410f21585e6b9,
        type: 3}
      propertyPath: m_LocalRotation.w
      value: 1
      objectReference: {fileID: 0}
    - target: {fileID: 7471022193837180438, guid: e618dd55ad2d74c4e9e410f21585e6b9,
        type: 3}
      propertyPath: m_RootOrder
      value: 0
      objectReference: {fileID: 0}
    - target: {fileID: 7471022193837180438, guid: e618dd55ad2d74c4e9e410f21585e6b9,
        type: 3}
      propertyPath: m_LocalEulerAnglesHint.x
      value: 0
      objectReference: {fileID: 0}
    - target: {fileID: 7471022193837180438, guid: e618dd55ad2d74c4e9e410f21585e6b9,
        type: 3}
      propertyPath: m_LocalEulerAnglesHint.y
      value: 0
      objectReference: {fileID: 0}
    - target: {fileID: 7471022193837180438, guid: e618dd55ad2d74c4e9e410f21585e6b9,
        type: 3}
      propertyPath: m_LocalEulerAnglesHint.z
      value: 0
      objectReference: {fileID: 0}
    - target: {fileID: 7471022193837180438, guid: e618dd55ad2d74c4e9e410f21585e6b9,
        type: 3}
      propertyPath: m_AnchoredPosition.x
      value: 0
      objectReference: {fileID: 0}
    - target: {fileID: 7471022193837180438, guid: e618dd55ad2d74c4e9e410f21585e6b9,
        type: 3}
      propertyPath: m_AnchoredPosition.y
      value: 0
      objectReference: {fileID: 0}
    - target: {fileID: 7471022193837180438, guid: e618dd55ad2d74c4e9e410f21585e6b9,
        type: 3}
      propertyPath: m_SizeDelta.x
      value: 0
      objectReference: {fileID: 0}
    - target: {fileID: 7471022193837180438, guid: e618dd55ad2d74c4e9e410f21585e6b9,
        type: 3}
      propertyPath: m_SizeDelta.y
      value: 0
      objectReference: {fileID: 0}
    - target: {fileID: 7471022193837180438, guid: e618dd55ad2d74c4e9e410f21585e6b9,
        type: 3}
      propertyPath: m_AnchorMin.x
      value: 0
      objectReference: {fileID: 0}
    - target: {fileID: 7471022193837180438, guid: e618dd55ad2d74c4e9e410f21585e6b9,
        type: 3}
      propertyPath: m_AnchorMin.y
      value: 0
      objectReference: {fileID: 0}
    - target: {fileID: 7471022193837180438, guid: e618dd55ad2d74c4e9e410f21585e6b9,
        type: 3}
      propertyPath: m_AnchorMax.x
      value: 0
      objectReference: {fileID: 0}
    - target: {fileID: 7471022193837180438, guid: e618dd55ad2d74c4e9e410f21585e6b9,
        type: 3}
      propertyPath: m_AnchorMax.y
      value: 0
      objectReference: {fileID: 0}
    - target: {fileID: 7471022193837180438, guid: e618dd55ad2d74c4e9e410f21585e6b9,
        type: 3}
      propertyPath: m_Pivot.x
      value: 0
      objectReference: {fileID: 0}
    - target: {fileID: 7471022193837180438, guid: e618dd55ad2d74c4e9e410f21585e6b9,
        type: 3}
      propertyPath: m_Pivot.y
      value: 0
      objectReference: {fileID: 0}
    m_RemovedComponents: []
  m_SourcePrefab: {fileID: 100100000, guid: e618dd55ad2d74c4e9e410f21585e6b9, type: 3}
--- !u!224 &7471022194833515624 stripped
RectTransform:
  m_CorrespondingSourceObject: {fileID: 7471022193837180438, guid: e618dd55ad2d74c4e9e410f21585e6b9,
    type: 3}
  m_PrefabInstance: {fileID: 1151722110}
  m_PrefabAsset: {fileID: 0}
